4267 6033
910 1020 2582 196 23le travail, que la pauvreté que la deso-

910 1191 2577 196 lation, que le feu, le sang, les cruault́ez

915 1367 2582 176 que vous avez souffertes vous rendent

915 1538 2577 166 mieux advisez à l’advenir. Vous eftes

910 1714 2572 156 freres, vous estes parens, vous estes voy-

915 1875 2572 176 sins : vous vivez en un mesme pays,

915 2041 2567 171 sous mesmes loix, souz un mesme Roy

920 2217 2567 196 le plus doux, le plus clement, le plus a-

915 2408 2577 166 mateur de vostre repos que vous eu-

925 2574 2572 150 sles onques accordezvous, vuidez vos

925 2734 2572 186 differens amyablement, puis que les

920 2910 2572 181 armes depuis seize ans ne vous ont peu

915 3071 2577 186 accorder. Vous estes assez sages, sans

925 3242 2546 206 appeller des estrangers pour arbitres,

935 3418 2557 166 qui tireront de deux costez & vous en-

935 3584 2557 166 tretiendront en debats. Ils ne sont de

930 3760 2567 181 mesme naturel que vous, de mesmes

935 3936 2557 156 mœurs :  ils n’ont mesmes façons de

940 4107 2547 181 faire, mesmes complexions, pour pou-

935 4273 2552 176 voir iuger de voz affaires : ils ne vous

945 4444 2547 181 cognoissent pas, mais seulemet vostre

940 4610 2552 196 argent & voz meubles : ils ne sçavent
