4267 6033
880 930 2501 171 10douceur, d’une si grande courtoisie,

885 1095 2511 187 d’une si extreme bonte qui vous faisoit

890 1271 2496 161 aymer & rechercher de tous les peu-

900 1437 2476 191 ples, vous soyez tombez en une si estran-

925 1623 2486 171 ge cruauté, que vous estes odieux à

910 1779 2491 166 vous mesmes, & fuyez les uns devant les

905 1955 2491 181 autres. voyla Françoys, voyla les pre-

910 2126 2471 176 mieres fleurs de voz guerres civiles,

925 2282 2476 201 desquelles si vous goustez le fruict,

930 2453 2486 176 vous sentirez l'estat de vostre pays du

925 2634 2491 181 tout alteré & changé, & ferez contrains

935 2810 2496 156 de confesser que vons n'estes plus en

930 2976 2501 161 ceste France, si bien policee, regie, &

945 3142 2486 196 gouvernce par le passé, laquelle ser-

935 3318 2501 181 voit de patron aux peuples voisins

945 3489 2491 186 pour reigler leurs Royaumes & bien

935 3649 2501 171 conduire leurs affaire. Vous trouve-

940 3825 2506 161 rez & direz non sans honte & regret

945 3986 2506 171 que le bon ordre qui avoit esté establi

951 4167 2495 161 d’un commun consentement, a esté par u-

945 4338 2486 171 ne commune dissention du tout perverty

966 4509 2480 196 Lors le Roy estoit aymé & respecté
