4267 6033
915 930 2536 176 22zele de l’honneur de Dieu & de la reli-

940 1106 2521 196 gion vous incite de part & dautre, conside

910 1276 2546 166 rez tous ensemble qu’au millieu des

915 1437 2521 212 armes Dieu est plus tost blasphemé,

920 1628 2526 186 qu’honnoré : & que pendant voz guer-

920 1784 2536 196 res la religion, la pieté, la iustice n’ont

925 1965 2521 161 esté en revercnce. Si vous avez desir de

915 2126 2511 181 revoir toutes choses policees, & remi-

915 2302 2491 176 ses en leur premier estat. Iugez en voy

915 2463 2506 191 ant le desordre auquel pour la guerre

925 2644 2516 156 vostre France est maintenant que les

910 2810 2516 181 armes ne font pour reigler & refor-

915 3001 2516 166 mer, mais pour desreigler & difformer

915 3147 2516 161 toutes choses . Si un bien public vous

915 3348 2521 161 pousse : vous voyez que les guerres ont

910 3499 2516 181 apporté un mal commun, une perte

920 3649 2501 202 publique, une ruine universelle. Chan-

940 3825 2486 191 gez donques d’opinion, reformez voz

905 3991 2526 166 conseils, posez les armes, ambrassez la

925 4162 2491 196 paix. Et si à l'emple des autres vous n’a-

910 4343 2516 186 vez encores peu devenir sages, que vo-

915 4519 2506 201 stre propre exemple, que la peine, que
