4267 6033
910 935 2567 186 21ce pauvre Royaume: qui s’estudie à

925 1095 2546 192 vous soulager, qui s'efforce tant qu’il

930 1256 2547 201 peult à oster ces sensues de dessus le

915 1432 2556 171 corps de la France : obeyssez à ses com-

920 1608 2557 166 mandemens, fuyuez sa bonne volon-

920 1784 2562 161 té, & vous asseurez quil vous remet-

925 1945 2562 191 tra en une bonne paix : en laquelle si

940 2131 2547 151 vous voulez longuement demeurer, ce

935 2297 2557 156 que vous devez desirer, gardez vous

930 2448 2541 196 d’entrer en suspicion les uns des autres,

925 2639 2557 186 ne croyez ces r’apporteurs qui vous

935 2795 2557 171 voudront mettre en deffiance. Advi-

925 2976 2552 181 sez quels seront ceux qui vous con-

925 3142 2572 186 seilleront de reprendre les armes, & iu

951 3318 2546 186 gez s'ils reçoivent plus de prouffit &

940 3484 2537 191 d’honneur de la guerre que de la paix :

935 3649 2557 192 ne vous laissez persuader par les estran-

966 3835 2521 187 gers, qui vous promettent le bois du-

940 3991 2552 201 quel vous estes bruslez, qui vous che-

945 4177 2557 181 rissent pour attraper vostre argent, qui

945 4333 2562 196 feignent de vous aymer, a fin qu’ils soy¬

951 4504 2541 206 ent heritiers de voftre pays. Que si le
