4267 6033
900 970 2491 161 9vez vous fait mourir les petits enfans ?

895 1141 2496 181 N’avez vous precipité, desmembré,

895 1302 2506 196 bruslé, estouffé, hacquebusé & exposé

900 1483 2501 181 aux bestes ceux que vous estimez estre

900 1684 2471 151 voz ennemis ? Quel genre de cruauté,

895 1819 2486 197 quelle espece de tourment, quelle sor-

895 1995 2491 186 te de supplice n’avez vous inventé pour

905 2171 2486 161 vous tiraniser ? quels nouveaux moiens

890 2367 2501 146 n’avez vous trouvé pour vous tour-

890 2508 2491 186 menter ? qu’avez vous oublié? Que re-

885 2669 2501 196 ste-il dequoy n’ayez faict experience

890 2850 2506 161 plus cruelle sur vous, que n’eussiez vou

885 3021 2506 161 lu faire sur les plus vieils & iurez enne

885 3192 2511 161 mis de voftre pays ? Nouvelle & in-

885 3348 2511 191 croiable metamorphorse, si la plaie, si

890 3519 2491 206 le sang qui coule encores, si la douleur,

895 3695 2491 166 si le feu qui n’est estainct, ne contrai--

925 3871 2476 186 gnoient chacun de croire ce qui est

910 4037 2481 171 esloigné de toute humanité & contrai-

910 4218 2476 160 re au naturel des François. Cas estran-

940 4414 2451 171 ge, & par cy devant non entendu ny

850 4559 2556 181 leu en voz Annales. Que d’une si rare

2908 4720 60 171 B
