4267 6033
815 1020 2576 161 24les moyens de vous entretenir. Sinon

825 1186 2571 186 en guerre.Il n'est possible qu’ils vous

815 1362 2576 181 accordent, sion en ce que n’aurez les

830 1538 2571 181 uns plus que les autres, & eux empor-

825 1699 2561 161 teront tout Vous seuls le pouvez faire

820 1860 2586 166 si le voulez: &  le devez vouloir, s’il

820 2036 2591 186 reste en vous quelque sentiment, si

830 2207 2566 165 estes esmeuz de la destruction devo-

825 2378 2561 186 srre païs, si vous avez pitie de vos fem-

830 2548 2581 166 mes, de vos enfans de vos familles : fi

855 2734 2546 151 vous aymez vosgtre vie, voz biens, vo-

850 2895 2546 156 stre liberté : si vous desirez vous re-

845 3071 2551 176 voir encores bien heureux, aymez,

845 3242 2556 226 craincts, & redoubtez de toutes les

850 3413 614 161 nations.

1227 3740 1721 201 Dieu nous donne sa paix.
