4267 6033
860 950 2536 201 19piez, harassez ? Quel d’eentre vous en est

865 1116 2551 196 plus asseuré & moins en danger. Les

870 1287 2541 201 ports, les passages, les destrois ont esté

850 1468 2566 175 descouuerts aux estrangers : quel bien

860 1628 2546 171 vous en peult-il revenir ? Tant de de-

860 1804 2551 161 niers desboursez à qui est demeuree la

865 1975 2526 166 meilleure part ? Tant de villes pillees :

865 2141 2546 196 qui y a le plus gaigné ? Tant de chariots

860 2317 2531 186 chargez à qui en revient le prouffit ?

890 2483 2521 166 Taut de femmes forcees ? qui en recoit

860 2654 2556 166 le desbonneur? Tant de peuple fuiant

860 2820 2546 171 devant les estrangers : fur qui en redon-

860 2996 2556 161 de la honte ? Ils vous ont menassé en

870 3172 2536 186 vostre propre païs : n’en ferez vour pas

865 3348 2551 156 moins prisez ? ils vons ont bravez en

885 3509 2521 191 voz trouppes n’en serez vous pas blas-

865 3680 2546 191 mez ? Qui a donques receu proufit, con-

875 3861 2531 150 tentement, honneur de voz guerres ci-

875 4011 2546 197 viles sinon l'estranger ? Qui en a porté

875 4187 2536 161 la perte, enduré le mal, receu le deshon-

880 4368 2546 151 neur, sinon vous Francoys? Vous qui

890 4529 2536 166 aviez la puissance de conquester avec

2702 4720 271 146 C ii
