4267 6033
971 915 2500 160 14dance que nous pouvions accomo-

971 1050 2500 201 der noz voisins, il ny avoit si pauvre

971 1216 2495 196 qui n’eust moyen de vivre. Les estoffes

961 1382 2495 201 les habits estoient à pris raisonnable

961 1558 2495 196 Nous avions les plus beaux bastimens

961 1729 2500 221 qu’il estoit possible de voir On ne par

956 1900 2500 201 loit que de se resiouyrles uns avec les

956 2076 2500 196 autres sans offenser personne : on s’en-

961 2242 2500 196 tr’aimoit on se hattoit, on s’entr'aidoit

951 2418 2500 216 in alloit en toute asseurance par païs

966 2589 2475 211 pour faire ses affaires, on n’oyoit par-

951 2770 2485 196 ler de tant de pauvretez & cruautez,

956 2951 2500 186 on ne voyoit tant de voleurs, on gar-

956 3086 2495 207 doit la maison de son voisin comme la

956 3262 2490 201 sienne Mais maintenant ou que tout est

956 3433 2490 221 bien changé ? nous sommes les plus

956 3609 2490 191 mal’heureux du monde, noz terres sont

961 3790 2475 196 demeurees desertes, noz vignes en fri

956 3951 2475 186 che, noz iardins sans cultiver : toutes

956 4122 2485 191 choses sont extremement cheres, la

966 4303 2465 191 pluspart du pauvre peuple meurt de

976 4464 2455 201 faim : les villageois qui vivoient à leur
