4267 6033
815 879 2521 156 13n’aurez-vous occasion de vous recon-

850 1040 2345 181 gnoistre & parler ainsi ensemble ?

830 1216 2516 191 Qu’avons nous faict ? enquel estat nous

830 1397 2516 156 sommes nous mis ? pouquoy nous

835 1558 2511 171 sommes nous privez de cest heur au-

850 1739 2511 191 quel nous estions ? pourquoy avons

840 1900 2531 166 nous en despit les uns des autres faict

855 2076 2521 191 si grand degast de noz vivres ? comment

855 2232 2511 176 avons nous esté si mal advifez de don-

865 2423 2506 181 ner de l’argent aux estrangers pour

870 2629 2506 126 nous battre? pourquoy les avons nous

880 2765 2491 191 appellez pour nous piller & fourager

870 2946 2506 181 nostre païs pourquoy les avons-nous

875 3101 2511 166 aydez à charger leurs chariots & but-

880 3282 2506 156 tiner tant sur nous ? Devant que nous

885 3443 2506 166 eussions commencé ceste malheureu-

885 3614 2491 186 se guerre nous estions si heureux, nous

895 3780 2491 166 vivions si bien à nostre aise, nous avions

890 3946 2506 171 si bon marché de toutes choses: le bled

895 4127 2496 166 le vin, les viandes ne valloient la tierce

905 4298 2486 191 partie de ce qu'elles vallent maintenant :

900 4474 2476 166 nous avions tout en si grande abon-

2551 4645 327 186 B iij
