4267 6033
840 909 2491 166 5encores une fois bien heureux en ce

850 1070 2481 206 grand & iadis florissant Empire, excitent

850 1246 2481 196 en vous un desir de la paix, laquelle seule

850 1452 2481 161 vous peut rendre le contentement qui

850 1588 2491 186 vous a esté osté par la longueur de voz

840 1764 2506 191 cruelles guerres. Guerres qui ont faict

845 1935 2501 196 en vous un si estrange changement, qu’il

845 2101 2496 196 eft maintenant presque impossible de

860 2307 2461 156 vous recognoistre pour vrais & natu-

850 2443 2501 206 rels François. Car qui eft celuy qui peut

855 2624 2491 196 remarquer en vous chose qui approche

860 2785 2491 166 des meurs de ceux desquels vous vous

870 2956 2481 191 vantez estre descendus ? Qui vous dira

860 3127 2491 166 de la race de ceux lesquels entre toutes

860 3298 2481 181 les nations ont esté estimez humains,

860 3458 2476 207 doux, benings, accostables, ouverts,

865 3639 2481 186 plaisans, & nullement soupçonneux,

870 3846 2486 160 puis-que par voz guerres vous vous

865 3991 2481 161 estes rendus inhumains, severes, impi-

865 4147 2491 176 toiables, farouches, dissimulez, mor-

860 4323 2481 206 nes & soupçonneux ? Qui sera celuy qui

865 4494 2481 176 lisant en voz histoires les voyages, les

2591 4675 317 186 ᗅ ii
