4267 6033
915 975 2516 156 15aise sont reduits en ceste extreme ne-

905 1136 2526 191 cessité & misere qu’ils paissent avec les

910 1312 2516 166 bestes brutes : on ne leur laisse rien, ils

905 1483 2506 186 sont racçonnez, eschaudez, battus,

905 1654 2526 191 frappez & le plus souvent tuez, sils ne

915 1835 2506 155 treuvent ce qu’on leur demande. Leurs.

900 1990 2521 166 maisons sont pillees, leurs femmes for-

910 2171 2506 161 cees, leurs filles violees : on ne leur lais-

915 2332 2501 206 se pas un cheval, pas une brebis, & le

920 2508 2486 166 plus souvent demeurent si fort outra-

945 2674 2461 196 gez, qu’il ne leur restent rien que la lan-

925 2855 2486 186 gue pour se plaindre, & les yeux pour

895 3021 2516 166 pleurer leur pauvreté & misere On ne

880 3187 2501 196 recognoist plus la puissance du Roy,

880 3358 2521 161 l’authorité des Princes, les commande-

875 3524 2531 196 mens des Capitaines. Les soldats vivent

875 3705 2526 161 non à discretion, mais avec toute indi

870 3871 2521 201 scretion, & gastent tout par les champs.

875 4037 2506 191 Il n'y a plus d’argent en France. Tel

875 4202 2506 192 estoit riche qui demande auiourd’huy

865 4378 2516 166 l'aumosne : tel avoit mil escus en bour

870 4554 2501 212 se, qui n’a pas auiourd’huy vaillant un
