4267 6033
850 1010 2556 191 16folt : tel estoit bien logé, qui n'a pas

865 1181 2531 176 une estable pour se retirer. On ne s'en-

865 1357 2546 196 tr’ayme plus : on ne se hâte plus : on ne

865 1523 2551 191 se resiouyst plus comme on faisoit : on

860 1684 2561 201 ne sçait à qui se fier on ne s’ose mettre

865 1860 2551 196 aux champs : c'est à qui desrobera le

865 2036 2541 196 mieux, à qui pillera, à qui mettera le-

860 2202 2566 165 feu en la maison de son voisin. Chacun

870 2367 2561 197 se plaint : il n’i-a celuy qui ne se sente de

870 2543 2556 171 la guerre, tout le monde est destruict.

885 2714 2526 171 Que si vous voulez, François, conferer

875 2885 2541 166 ainsi les uns avec les autres si vous con-

895 3051 2546 211 parez le temps passé avec le present, ne

885 3237 2546 161 vous condemnerez-vous vous mesmes ?

885 3393 2541 201 ne direz, en rougissant de la faute que

895 3569 2526 171 vous avez faicte, & pleurant de com-

890 3745 2541 161 miseration que vous aurez les uns des

890 3916 2556 161 autres, ô que nous sommes de grands

885 4077 2566 171 fols, que nous sommes mal advifez de

895 4253 2566 191 nous ruïner ainsi. Qu'avons-nous gaigné

900 4424 2551 166 à nous battre ? quel bien nous est reve-

900 4595 2556 201 nu d’une si longue guerre? quel conten-

2903 4811 543 131 tement
