4267 6033
779 920 2536 206 20proufit, plaifir s gloire, la monarchic.

784 1101 2526 186 de tout le monde : Qui pouviez retour-

779 1261 2542 171 ner riches, braves & victorieux d’un

795 1432 2531 206 pays estrange. Qui aviez au moins le

789 1613 2547 166 moyen de conserver ce Royaume en

789 1764 2547 211 sa grandeur : vous dis-ie l’auez presque

805 1945 2526 196 perdu, vous vous estes a pauvris & ren-

795 2111 2546 171 dus ridicules aux estrangers. Faictes

800 2292 2536 181 que l'amour que devez porter à vo-

800 2453 2546 206 stre pays, vous destourne : Que la perte

810 2619 2541 191 de voz vies, de voz bieens, de voz enfans

825 2795 2526 186 vous esmeuve. Que l’honneur de voz

820 2966 2536 166 femmes & de voz filles vous excite :

825 3137 2526 201 que vostre propre misere vous appai-

835 3318 2531 176 se. Et puis qu’entre tant de maux, au

830 3474 2541 191 millieu des tempestes & orages de la

875 3649 2481 186 guerre la plus cruelle qui feust onc-

845 3815 2501 196 ques, toutes choses estant desesperees,

855 3996 2516 151 vous avez un Roy qui vous veux met-

855 4162 2516 181 tre en paix, qui desire vous maintenir

860 4338 2511 151 en amitié les uns avec les autres, qui

870 4504 2501 186 tasche par tous moyens de remettre
