4267 6033
754 990 2541 176 18ruïnes de voz maisons, se bastir de su-

769 1161 2536 216 perbes chasteaux. Que s’il y-a quelque

774 1337 2541 176 vray & naturel Françoys, qui soit, ou

774 1503 2541 176 si obstiné qu’il ne vueille devenir sage

779 1679 2552 171 à ses despens ou tant accoustumé aux

779 1840 2557 206 armes, qu’il ne se puisse tenir de de-

795 2016 2526 175 mener les mains, onsi fort animé qu’il

800 2181 2531 217 ne se puisse appaiser : qu’il me respon-

805 2367 2546 151 de & nomme un seul d’entre vous qui

815 2538 2531 196 aye beaucoup gaigné en ceste guerre

850 2699 2506 171 Tous le vivres sont devorez, tous les

835 2875 2521 166 thesors espuisez, tous voz meubles

840 3046 2516 201 perdus : quel d’entre vous en est plus

875 3212 2496 166 gras, plus riche & mieux meublé ? Vo-

840 3388 2531 161 stre revenu consommé, voz villages

850 3549 2526 201 bruslez, voz villes desolees ? Quel plai-

860 3725 2521 171 sir, quel contentement, qu’elle confo-

870 3901 2506 176 lation en recevez vous ? Tant d’illustres,

890 4107 2521 126 vertueux & genereux Princes tuez tant

875 4233 2521 191 de braves seigneurs & vaillants Capi-

880 4409 2526 176 aaines perdus, tant de millions de cou-

910 4575 2491 201 gareux & hardis soldats morts, estro-
