4267 6033
835 930 2486 176 8vous vous esbatez à les voir brusler &

830 1111 2491 165 ruiner. Ils estoient aymez, honnorez &

840 1276 2481 171 suyvis de leurs subiects, & vous estes

840 1442 2475 171 hays, crains & fuys des vostres. Ils en-

850 1618 2486 186 tretenoient leurs villages & gardoient

850 1794 2481 166 leurs vassaux : Vous ruinez tout & n’e-

850 1960 2481 191 spargnez personne. Pourrez vous don-

865 2136 2461 161 ques, vous glorifier en voz ancestres ?

860 2312 2481 161 ne serez vous honteux de porter leur

860 2478 2476 191 nom & armes, puisque ne voulez imi-

870 2649 2476 181 ter leur vertu ? Que dis-ie imiter leur

885 2820 2461 161 vertu, si elle vous est odieuse ? ne vous

880 2986 2476 166 estes vous mocquez de la doulceur des

885 3162 2486 166 anciens François, qui n’offensoient

890 3328 2456 186 ceux qui se rendoient à leur mercy,

895 3504 2471 156 estans contens d’en tirer une rançon, &

905 3675 2466 160 avez voulu avoir & la rançon & la vie

905 3841 2471 165 les uns des autres ? n’avez vous en voz

940 4011 2426 166 guerres inhumainement tué les fem-

910 4177 2461 171 mes, lesquelles par commiseration a-

920 4348 2466 166 voient de tout temps esté sauvees &

945 4524 2426 171 garenties de la fureur des armes ?  n’a-

3129 4720 237 151 vez
