4267 6033
875 945 2536 191 11des plus grands, suivy et reveré de la

870 1116 2526 186 noblesse, crainct et obey de son peu-

880 1287 2521 170 ple. Les Princes et Seigneurs estoient

870 1447 2521 181 redoubtez et honorez : la Noblesse

875 1628 2506 166 cherie : le magistrat authorizé : le mar-

875 1804 2506 191 chand maintenu : le peuple soulage :

875 1980 2511 181 maintenant chacun veut ce qu’il peult

875 2141 2516 186 celui est obey qui est le plus fort : la

875 2297 2516 181 Noblesse respectee si elle est furieuse :

880 2478 2516 206 le magistrat autorizé s'il est le mieux

875 2649 2511 166 orme le marchand maintenu s'il se

900 2805 2486 211 peut bien deffendre le peuple soula-

890 2981 2501 176 gé s'il ne se veult laisser fouler. Lors le

895 3167 2501 161 soldat estoit soubz les loix de la guer-

880 3333 2521 166 re, et obeissoit à son chef: maintenant

885 3504 2511 186 il n’a loy que celle qu’il se donne, & se

880 3665 2501 191 faict craindre & obeyr pour l’asseura-

890 3835 2496 207 ce qu’il prend, que se desbandant d’un

915 4011 2476 191 party, il sera bieen receu à lautre. Les ar-

900 4197 2476 156 mes estoyent pour vous deffendre, &

900 4363 2511 181 les soldats pour vous garde. Par voz

890 4534 2501 186 armes mesmes vous-vous destruisez,

2611 4690 332 176 B ii
