4267 6033
920 975 2506 196 7peres ? Ils n’avoient autre desir que de

905 1146 2521 161 commander & donner la loy à ceux

910 1312 2511 166 mesmes qui estoient estimez les plus

925 1483 2501 166 puissans: Et vous inuirez des varletz

915 1664 2516 191 des larrons, & rebut des peuples pour

915 1830 2516 160 commander & vous donnes la loy en

930 1990 2496 191 vostre propre païs. Ils se faisoient re-

930 2171 2501 186 doubter de tous: il n'ya si petit que ne

935 2337 2501 171 craigniez. Ils cherchoient les moyens

935 2503 2496 186 de dompter leurs voysins : & vous les

935 2684 2506 186 recherchez pour vous domprer. Ils

935 2880 2501 156 rembaroient courageusemet ceux qui

945 3026 2496 176 vouloient usurper & entrepreendre sur

945 3202 2496 156 euz: & vous les allez querir & donnez

940 3358 2496 171 libre entree. Ils faisoient resentir de lau-

956 3544 2480 166 dace & temerité à ceux qui par trop

951 3705 2495 186 osez, s'estoient tuez en leur prys & vous

951 3871 2500 186 caressez ceux qui de part & dautre

971 4047 2465 181 vous ont pillez, & par vostre doux trai-

961 4223 2490 160 stement les conviez à revenir, Voz pe

951 4373 2500 181 res se delectoient à bastir de superbes

925 4554 2521 176 chasteaux & maisons de plaisance : &
