4267 6033
815 915 2500 160 3vous regret à la perte de voz vies & de

815 1065 2490 161 voz biès' navez pitié de vous mesmes

810 1231 2516 186 Quelle occasion vous anime tellement

800 1407 2521 156 les uns contre les autres' quelle furent

810 1578 2500 191 vous arme' quelle rage vous pousse

810 1749 2480 186 A quoy pensez-vous' que faistes-vous'

805 1900 2510 206 Ouel est le but de voz desseings' La

800 2091 2500 181 longueur du temps qui adoulcit tou-

800 2252 2505 161 tes choses ne vous peult elle retirer de

815 2423 2495 181 voz animositez? La perte de voz biens

800 2584 2505 196 qui vous doit estre facheuse, ne vous

810 2755 2500 181 peult-elle destourver de voz entrepri

795 2936 2510 186 ses ? La ruine de vostre païs qui vous

800 3096 2505 176 doit estre insuportable, ne vous peult

800 3267 2505 171 elle esmouvoir ? Que ne considerez

825 3453 2480 156 vous la misere & exterme calamitéen

810 3604 2485 211 laquelle vous estes reduits ? Quen ad-

815 3775 2490 176 visez-vous le danger auquel vous-vous

845 3961 2465 181 precjpitez' Que ne decouvrez- vous

835 4127 2480 161 voz voisins  & anciens ennemis qui

835 4288 2480 196 espient l’occasion pour vous courir sus

855 4454 2440 206 quand vous serez affoiblis Cessez, Fra-

2656 4650 237 151 Aii
