4267 6033
830 864 2511 181 12voz foldats veus pillét. Le mefchat.

830 1035 2526 206 en quelque lieu qu’il fust du Royau-

835 1216 2526 161 me ne se tenoit asseuré, maintenant il

855 1377 2496 186 vit en asseurance, si, sortant d’nn costé,

850 1558 2516 191 il se peut ranger à l’autre. Les vivres se

870 1729 2491 186 vendoient à certain prix, & non l’ap-

870 1890 2511 181 petit desordoonné de l’avare marchand:

870 2061 2506 176 la monnoie n’estoit subiecte à lestima-

880 2237 2501 196 tion du peuple les larcins, les adulte-

880 2418 2501 186 res, les pilleries estoient punies: main-

895 2584 2496 166 tenant le marchand met le prix à tou-

905 2750 2486 170 res choses : la monnoye a son cours se-

900 2915 2496 176 lon l’estimation du peuple : les fautes

910 3096 2496 166 demeurent impunies & tout est en con-

905 3252 2506 176 fusion & desordre, estant impossible

920 3443 2501 156 entre les armes remettre la France

930 3609 2491 166 en son premier estat, & restablir un

920 3770 2496 206 bon ordre . Que si passans plus oultre,

940 3946 2486 171 vous voulez vous resouvenir du passé,

935 4117 2496 166 & ramentevoir la grande abondance de

940 4288 2491 186 toutes choses, en laquelle vous estiez

951 4469 2480 196 que direz-vous les uns aux autres
