4267 6033
845 950 2460 166 4çoys, cessez voz cruels combats : mettez

840 1111 2465 186 fin à voz sanglantes guerres: esteindez

840 1282 2460 186 le feu qui brusle & consomme voz pro-

855 1452 2445 191 pres maisons. Reprenez vostre accou-

850 1623 2476 181 stumee prudence, & prevoiez la totalle

850 1799 2471 181 ruine de vostre pauvre pays. Prevoiez

855 1955 2476 196 la perte de vostre liberté:  prevoyez la

850 2131 2476 161 misere de voz cheres femmes & ten-

855 2302 2481 161 dres enfans : Souvenez-vous quels

870 2478 2461 156 vous avez efté : comparez le passé avec

850 2639 2481 186 le present, & iugez de combien cefte

865 2815 2466 186 France est changee depuis voz guerres

855 2981 2476 161 civiles. Considerez en quel estat vous

860 3157 2471 161 estes : Recognoissez vous un peu en li-

865 3323 2466 196 sant ce discours, à fin que si quelque pre-

870 3494 2456 166 rexte vous eschauffe le cœur, si quel-

870 3665 2466 196 que , ou publique, ou privee occasion

875 3835 2435 161 vous incite à une immortelle guerre:

875 3996 2461 186 que la souvenace de la felicité, en la-

885 4172 2446 186 quelle vous estiez, que la douleur des

875 4343 2451 201 maux que vous avez soufferts, que l’espe-

880 4519 2451 181 rance que devez avoir de vous revoir
