4267 6033
925 1030 2562 146 17tement en pouvons nous recevoir ? nous

915 1176 2572 186 avions tant de vivres, & nous mourons de

915 1352 2572 186 faim : nous avions tant d’or & d’argent

915 1518 2556 171 & nous n’avons plus rien. Nous estions

910 1684 2561 181 si bien meublez, & nous n’avons pas un

905 1860 2561 171 lict pour nous coucher :nous estions si

920 2036 2461 196 gaillards, & nous n’en pouvons plus.

900 2202 2566 165 Ainsi, François, ainsi vous ramenteuans

895 2372 2576 197 le bien que vous avez perdu, & le mal

890 2553 2571 156 auquel estes tombez, serez-vous de-

880 2714 2591 171 Stournez de vos cruelles guerres ? Ainsi

890 2890 2561 166 renovellant souvent la douleur, tasche-

880 3056 2581 166 rez-vous à y donner remede ? Ainsi co-

880 3232 2581 166 ferant les uns avec les autres, pourrez

895 3408 2571 191 vous iuger que ceux qui empeschent

885 3574 2571 166 vostre reconciliation sont ennemis de

880 3740 2576 181 vostre repos. Ainsi descouvrirez-vous

880 3946 2571 151 que ceux qui vous veulent entretenir

870 4082 2576 191 en divisvion, & se presentent pour se-

870 4263 2571 161 courir les uns & les autres, ne deman-

870 4414 2556 201 dent sinon à s'enrichir de vos thresors,

875 4590 2571 201 se braver de vos despouilles, & des
