4267 6033
865 894 2521 181 6entreprises, les guerres meurement

865 1065 2511 176 commencees par voz peres, heureu-

865 1226 2501 171 sement conduites & achevees en Alle-

870 1397 2496 181 maigne, Angleterre, Flandres, Italie,

875 1568 2506 196 Espaigne, & tant en Europe qu’en Asie

880 1749 2501 171 qui pourra estimer, encores moins

870 1905 2491 191 croire, que soyez enfans de si sages &

875 2066 2491 176 bien advisez chevalier qui s’unissoient

880 2257 2471 181 & accordoient entre-eux pour aggran-

885 2423 2491 186 dir leur païs, puis que vous vous divi

870 2589 2511 161 sez & mandez de toutes pars des estran-

920 2755 2451 181 gers pour devorer ceste belle & riche

870 2926 2501 191 succession qui vous avoit esté acquise

870 3101 2516 186 avec un si grand travail Qui se pourra

875 3267 2501 196 presuader que soyez engendrez d’au-

875 3438 2506 186 tres que des Scythes  & Barbares, ou

880 3604 2486 186 plus tost de quelques bestes cruelles,

870 3780 2501 161 vous voyant ainsi acharnez les uns con-

870 3981 2501 156 tre les autres. Qui vous iugera autres

865 4132 2496 181 que bastards, puis-que ne retenez, n’y

865 4293 2511 161 moeurs, ny facon, ny maniere de fai-

865 4469 2511 161 re de ceux que vous dictes estre voz
